@book{dahl1972structured,
	editor = {Dahl, O. J. and Dijkstra, E. W. and Hoare, C. A. R.},
	title = {Structured Programming},
	year = {1972},
	isbn = {0-12-200550-3},
	source = {Library of Congress Catalog Card Number: 72-84452},
	publisher = {Academic Press Ltd.},
	address = {London, UK, UK},
}

@book{cormen2009algorithms,
	author = {Cormen, Thomas H. and Leiserson, Charles E. and Rivest, Ronald L. and Stein, Clifford},
	title = {Introduction to Algorithms, Third Edition},
	year = {2009},
	isbn = {0262033844, 9780262033848},
	edition = {3rd},
	publisher = {The MIT Press},
}

@incollection{dijkstra1979goto,
	author = {Dijkstra, E.},
	chapter = {Go to Statement Considered Harmful},
	title = {Classics in Software Engineering},
	editor = {Yourdon, Edward Nash},
	year = {1979},
	isbn = {0-917072-14-6},
	pages = {27--33},
	numpages = {7},
	url = {http://dl.acm.org/citation.cfm?id=1241515.1241518},
	acmid = {1241518},
	publisher = {Yourdon Press},
	address = {Upper Saddle River, NJ, USA},
}

@msc{protobuf,
	author = {Google Inc},
	title = {Protocol Buffers (a.k.a., protobuf) are Google's language-neutral, platform-neutral, 
			extensible mechanism for serializing structured data.},
	url = {https://github.com/protocolbuffers/protobuf},
}

@msc{rdp,
	author = {Wikipedia},
	title = {Ramer–Douglas–Peucker algorithm},
	url = {https://en.wikipedia.org/wiki/Ramer%E2%80%93Douglas%E2%80%93Peucker_algorithm},
}

@msc{rdp_library,
	author = {Fabian Hirschmann},
	title = {Ramer–Douglas–Peucker algorithm Library in python},
	url = {https://rdp.readthedocs.io/en/latest/},
}